<?xml version="1.0" encoding="UTF-8"?><collection xmlns="http://www.loc.gov/MARC21/slim"><record><leader>00522nam--2200169-i-4500</leader><controlfield tag="001">000006305</controlfield><controlfield tag="002">20161230</controlfield><controlfield tag="005">20161230201026</controlfield><controlfield tag="008">060222s1000------------r-----000-0-eng-d</controlfield><datafield ind1=" " ind2=" " tag="040"><subfield code="a">IFIN-HH</subfield></datafield><datafield ind1=" " ind2=" " tag="080"><subfield code="a">54(038)=004=20=30=84=82:801.323.9</subfield></datafield><datafield ind1="1" ind2=" " tag="100"><subfield code="a">Sobecka,Z</subfield></datafield><datafield ind1="1" ind2="0" tag="245"><subfield code="a">Dictionary of chemistry and chemical technology. in four languages: english / german / polish / russian</subfield><subfield code="c">Z. sobecka (ed.)</subfield></datafield><datafield ind1=" " ind2=" " tag="260"><subfield code="a">Oxford</subfield><subfield code="b">Pergamon Press Ltd</subfield><subfield code="c">1962</subfield></datafield><datafield ind1=" " ind2=" " tag="300"><subfield code="a">724P</subfield></datafield><datafield ind1=" " ind2=" " tag="852"><subfield code="a">D.288</subfield><subfield code="c">SLC</subfield></datafield><datafield ind1=" " ind2=" " tag="CAT"><subfield code="a">Sys</subfield><subfield code="c">20130228</subfield><subfield code="h">163231</subfield></datafield></record></collection>